<?xml version="1.0" encoding="UTF-8"?><collection xmlns="http://www.loc.gov/MARC21/slim"><record><leader>00419nam--2200133-i-4500</leader><controlfield tag="001">000019351</controlfield><controlfield tag="002">20161230</controlfield><controlfield tag="005">20161230201033</controlfield><controlfield tag="008">060222s1000------------r-----000-0-eng-d</controlfield><datafield ind1=" " ind2=" " tag="080"><subfield code="a">015:539.17:546.794:546.831</subfield></datafield><datafield ind1=" " ind2=" " tag="100"><subfield code="a">Do Huu Phuoc</subfield></datafield><datafield ind1=" " ind2=" " tag="245"><subfield code="a">Contribution a l etude des noyaux impairs spheriques de zirconium 89 et de polonium 209. these</subfield></datafield><datafield ind1=" " ind2=" " tag="260"><subfield code="a">Lyon, Institut De Physique Nucleaire, 1972. 59 P</subfield></datafield><datafield ind1=" " ind2=" " tag="852"><subfield code="a">16023</subfield></datafield></record></collection>